<record><leader>00000cas a22000007a 4500</leader><controlfield tag="001">10315681</controlfield><controlfield tag="008">840119d186u1866sduwr ne      0   a0eng d</controlfield><datafield ind1=" " ind2=" " tag="010"><subfield code="a">sn 84022136 </subfield></datafield><datafield ind1=" " ind2=" " tag="040"><subfield code="a">NPX</subfield><subfield code="b">eng</subfield><subfield code="c">NPX</subfield><subfield code="d">DLC</subfield><subfield code="d">NPX</subfield><subfield code="d">DLC</subfield><subfield code="d">CNK</subfield><subfield code="d">SXN</subfield><subfield code="d">OCL</subfield><subfield code="d">OCLCQ</subfield><subfield code="d">OCLCF</subfield><subfield code="d">OCLCO</subfield><subfield code="d">CUS</subfield></datafield><datafield ind1=" " ind2=" " tag="019"><subfield code="a">228689135</subfield></datafield><datafield ind1=" " ind2=" " tag="042"><subfield code="a">msc</subfield></datafield><datafield ind1=" " ind2=" " tag="043"><subfield code="a">n-us-sd</subfield></datafield><datafield ind1="0" ind2="0" tag="050"><subfield code="a">Newspaper 9744-X</subfield></datafield><datafield ind1="0" ind2=" " tag="130"><subfield code="a">Independent (Fort Randall, S.D.)</subfield></datafield><datafield ind1="1" ind2="0" tag="245"><subfield code="a">Independent.</subfield></datafield><datafield ind1="1" ind2="7" tag="246"><subfield code="a">Fort Randall independent</subfield></datafield><datafield ind1=" " ind2=" " tag="260"><subfield code="a">Fort Randall, D.T. [S.D.] :</subfield><subfield code="b">Wolf &amp; McKay</subfield></datafield><datafield ind1="3" ind2=" " tag="260"><subfield code="3">&lt;Nov. 1865&gt;-:</subfield><subfield code="a">Fort Randall, D.T. [S.D.] :</subfield><subfield code="b">W.S. Patton</subfield></datafield><datafield ind1=" " ind2=" " tag="300"><subfield code="a">volumes ;</subfield><subfield code="c">25 cm.</subfield></datafield><datafield ind1=" " ind2=" " tag="310"><subfield code="a">Weekly</subfield></datafield><datafield ind1=" " ind2=" " tag="336"><subfield code="a">text</subfield><subfield code="b">txt</subfield><subfield code="2">rdacontent</subfield></datafield><datafield ind1=" " ind2=" " tag="337"><subfield code="a">unmediated</subfield><subfield code="b">n</subfield><subfield code="2">rdamedia</subfield></datafield><datafield ind1=" " ind2=" " tag="338"><subfield code="a">volume</subfield><subfield code="b">nc</subfield><subfield code="2">rdacarrier</subfield></datafield><datafield ind1="0" ind2=" " tag="362"><subfield code="a">-v. 2 (Mar. 28, [i.e. 29] 1666 [i.e. 1866].</subfield></datafield><datafield ind1=" " ind2=" " tag="515"><subfield code="a">Issue number of last issue illegible, 13 or 15?</subfield></datafield><datafield ind1=" " ind2=" " tag="515"><subfield code="a">Suspended Feb. 8-Nov. 16, 1865.</subfield></datafield><datafield ind1=" " ind2=" " tag="530"><subfield code="a">Available on microfilm from: State Archives, South Dakota State Historical Society.</subfield></datafield><datafield ind1=" " ind2=" " tag="588"><subfield code="a">Description based on: Vol. 1, no. 4 (Jan. 18, 1865).</subfield></datafield><datafield ind1=" " ind2=" " tag="588"><subfield code="a">Latest issue consulted: Vol. 1, no. 10 (Dec. 20, 1865) (online surrogate) (Readex America's historical newspapers website, viewed Nov. 30, 2015).</subfield></datafield><datafield ind1=" " ind2="0" tag="651"><subfield code="a">Fort Randall (S.D.)</subfield><subfield code="v">Newspapers.</subfield></datafield><datafield ind1=" " ind2="0" tag="651"><subfield code="a">Gregory County (S.D.)</subfield><subfield code="v">Newspapers.</subfield></datafield><datafield ind1=" " ind2="7" tag="651"><subfield code="a">South Dakota</subfield><subfield code="z">Fort Randall.</subfield><subfield code="2">fast</subfield><subfield code="0">(OCoLC)fst01295493</subfield></datafield><datafield ind1=" " ind2="7" tag="651"><subfield code="a">South Dakota</subfield><subfield code="z">Gregory County.</subfield><subfield code="2">fast</subfield><subfield code="0">(OCoLC)fst01206380</subfield></datafield><datafield ind1=" " ind2="7" tag="655"><subfield code="a">Newspapers.</subfield><subfield code="2">fast</subfield><subfield code="0">(OCoLC)fst01423814</subfield></datafield><datafield ind1=" " ind2=" " tag="752"><subfield code="a">United States</subfield><subfield code="b">South Dakota</subfield><subfield code="c">Gregory</subfield><subfield code="d">Fort Randall.</subfield></datafield><datafield ind1=" " ind2=" " tag="752"><subfield code="a">United States</subfield><subfield code="b">South Dakota</subfield><subfield code="c">Todd</subfield><subfield code="d">Fort Randall.</subfield></datafield><datafield ind1="1" ind2=" " tag="029"><subfield code="a">AU@</subfield><subfield code="b">000025814271</subfield></datafield></record>